%% This BibTeX bibliography file was created using BibDesk.
%% http://bibdesk.sourceforge.net/


%% Saved with string encoding Unicode (UTF-8) 

@article{Gherardi_2020,
    doi = {10.1007/jhep07(2020)225},
    url = "{https://doi.org/10.1007\%2Fjhep07\%282020\%29225}",
    year = "2020",
    eprint = "2003.12525",
    month = {jul},
    publisher = {Springer Science and Business Media {LLC}},
    volume = {2020},
    number = {7},
    author = {Valerio Gherardi and David Marzocca and Elena Venturini},
    title = {Matching scalar leptoquarks to the {SMEFT} at one loop},
    journal = {JHEP}
}

@article{PhysRevLett.114.101802,
  title = {Exclusive Window onto Higgs Yukawa Couplings},
  author = {Kagan, Alexander L. and Perez, Gilad and Petriello, Frank and Soreq, Yotam and Stoynev, Stoyan and Zupan, Jure},
  journal = {Phys. Rev. Lett.},
  volume = {114},
  issue = {10},
  pages = {101802},
  numpages = {5},
  year = {2015},
  month = {Mar},
  publisher = {American Physical Society},
  doi = {10.1103/PhysRevLett.114.101802},
  url = {https://link.aps.org/doi/10.1103/PhysRevLett.114.101802}
}
